<?xml version="1.0" encoding="UTF-8"?><collection xmlns="http://www.loc.gov/MARC21/slim"><record><leader>00388nam--2200133-i-4500</leader><controlfield tag="001">000041601</controlfield><controlfield tag="002">20161230</controlfield><controlfield tag="005">20161230201043</controlfield><controlfield tag="008">060222s1000------------r-----000-0-eng-d</controlfield><datafield ind1=" " ind2=" " tag="080"><subfield code="a">621.182.604.15</subfield></datafield><datafield ind1=" " ind2=" " tag="100"><subfield code="a">Silnitki,A.K</subfield></datafield><datafield ind1=" " ind2=" " tag="245"><subfield code="a">Debitul insuficient al agregatelor de cazane. cauzele si metodele de inlaturare</subfield></datafield><datafield ind1=" " ind2=" " tag="260"><subfield code="a">Bucuresi, Ed.Energetica De Stat, 1954. 119 P</subfield></datafield><datafield ind1=" " ind2=" " tag="852"><subfield code="a">26038</subfield></datafield></record></collection>